<?xml version="1.0" encoding="UTF-8"?><record xmlns="http://www.loc.gov/MARC21/slim" xmlns:cinclude="http://apache.org/cocoon/include/1.0" xmlns:zs="http://www.loc.gov/zing/srw/">
  <leader>00732cz  a2200157n  4500</leader>
  <controlfield tag="001">n 2009042403</controlfield>
  <controlfield tag="003">DLC</controlfield>
  <controlfield tag="005">20090711074925.0</controlfield>
  <controlfield tag="008">090709n| acannaabn          |b aaa      </controlfield>
  <datafield tag="010" ind1=" " ind2=" ">
    <subfield code="a">n 2009042403</subfield>
  </datafield>
  <datafield tag="040" ind1=" " ind2=" ">
    <subfield code="a">DLC</subfield>
    <subfield code="b">eng</subfield>
    <subfield code="c">DLC</subfield>
    <subfield code="d">DLC</subfield>
  </datafield>
  <datafield tag="100" ind1="1" ind2=" ">
    <subfield code="a">Diseldorf, Tsadoḳ Avraham ben Natan.</subfield>
    <subfield code="t">Tsedeḳ Avraham (Peraḳim Ketsad mevarkhin u-Sheloshah she-akhlu)</subfield>
  </datafield>
  <datafield tag="400" ind1="1" ind2=" ">
    <subfield code="a">Diseldorf, Tsadoḳ Avraham ben Natan.</subfield>
    <subfield code="t">Sefer Tsedeḳ Avraham</subfield>
  </datafield>
  <datafield tag="400" ind1="1" ind2=" ">
    <subfield code="a">Diseldorf, Tsadoḳ Avraham ben Natan.</subfield>
    <subfield code="t">ספר צדק אברהם</subfield>
  </datafield>
  <datafield tag="667" ind1=" " ind2=" ">
    <subfield code="a">Non-Latin script reference not evaluated.</subfield>
  </datafield>
  <datafield tag="670" ind1=" " ind2=" ">
    <subfield code="a">Diseldorf, Tsadoḳ Avraham ben Natan. ספר צדק אברהם = Sefer Tsedeḳ Avraham, 2007 or 2008:</subfield>
    <subfield code="b">t.p. (peraḳim Ketsad mevarkhin u-Sheloshah she-akhlu)</subfield>
  </datafield>
</record>